@book{typo,
  author    = {},
  title     = {Lexique des règles typographiques en usage à l'Imprimerie nationale},
  publisher = {L'Imprimerie nationale},
  author    = {Imprimerie nationale},
  year      = {2002},
  address   = {Paris},
  isbn      = {2-7433-0482-0}
}

@book{andre90,
  title     = {Petites leçons de typographie},
  author    = {Jacques André},
  year      = {1990},
  publisher = {Édition du jobet},
  keywords  = {typography}
}

@online{knuthwebsite,
  author   = {Donald Knuth},
  title    = {Knuth: Computers and Typesetting},
  year     = {2012},
  url      = {http://www-cs-faculty.stanford.edu/~uno/abcde.html},
  addendum = {(accessed: 01.09.2016)},
  keywords = {latex,knuth}
}

@article{einstein,
  author   = {Albert Einstein},
  title    = {{Zur Elektrodynamik bewegter K{\"o}rper}. ({German})
              [{On} the electrodynamics of moving bodies]},
  journal  = {Annalen der Physik},
  volume   = {322},
  number   = {10},
  pages    = {891--921},
  year     = {1905},
  doi      = {http://dx.doi.org/10.1002/andp.19053221004},
  keywords = {physics}
}

@book{dirac,
  title     = {The Principles of Quantum Mechanics},
  author    = {Paul Adrien Maurice Dirac},
  isbn      = {9780198520115},
  series    = {International series of monographs on physics},
  year      = {1981},
  publisher = {Clarendon Press},
  keywords  = {physics}
}

# MA BIBLIOGRAPHIE


@online{UnityEssentialsPathway,
  title   = {Unity Essentials Pathway - Learn Game Development for Beginners {\textbar} Unity Learn},
  url     = {https://learn.unity.com/pathway/unity-essentials?version=6},
  urldate = {2025-04-10}
}

@online{MobileARDevelopment,
  title   = {Mobile {AR} Development - Unity Learn},
  url     = {https://learn.unity.com/pathway/mobile-ar-development},
  urldate = {2025-04-10}
}

@online{hatetVeriteLionsLausannois2021,
  title   = {La vérité sur les lions lausannois {\textbar} Actualités – Transports publics de la région lausannoise},
  url     = {https://actualites.t-l.ch/entreprise/les-lions-emblemes-lausannoises/},
  author  = {Hatet, Noémie},
  urldate = {2025-04-10},
  date    = {2021-10-18},
  langid  = {french},
  file    = {Snapshot:C\:\\Users\\David\\Zotero\\storage\\JX28S7HR\\les-lions-emblemes-lausannoises.html:text/html}
}