
@online{UnityEssentialsPathway,
	title = {Unity Essentials Pathway - Learn Game Development for Beginners {\textbar} Unity Learn},
	url = {https://learn.unity.com/pathway/unity-essentials?version=6},
	urldate = {2025-04-10},
}

@online{MobileARDevelopment,
	title = {Mobile {AR} Development - Unity Learn},
	url = {https://learn.unity.com/pathway/mobile-ar-development},
	urldate = {2025-04-10},
}

@online{hatetVeriteLionsLausannois2021,
	title = {La vérité sur les lions lausannois {\textbar} Actualités – Transports publics de la région lausannoise},
	url = {https://actualites.t-l.ch/entreprise/les-lions-emblemes-lausannoises/},
	author = {Hatet, Noémie},
	urldate = {2025-04-10},
	date = {2021-10-18},
	langid = {french},
	file = {Snapshot:C\:\\Users\\David\\Zotero\\storage\\JX28S7HR\\les-lions-emblemes-lausannoises.html:text/html},
}
